[gd_scene load_steps=6 format=2]

[ext_resource path="res://Movement/RollCollision.tscn" type="PackedScene" id=1]
[ext_resource path="res://Movement/RollAnimation.tscn" type="PackedScene" id=2]
[ext_resource path="res://Movement/MovementFuser.gd" type="Script" id=3]
[ext_resource path="res://Movement/MoveAnimation.tscn" type="PackedScene" id=4]

[sub_resource type="Animation" id=1]
resource_local_to_scene = true
resource_name = "animation"
length = 1.2
step = 0.2
tracks/0/type = "value"
tracks/0/path = NodePath("BasePlayer:position")
tracks/0/interp = 1
tracks/0/loop_wrap = true
tracks/0/imported = false
tracks/0/enabled = true
tracks/0/keys = {
"times": PoolRealArray( 0 ),
"transitions": PoolRealArray( 1 ),
"update": 0,
"values": [ Vector2( 0, 0 ) ]
}
tracks/1/type = "value"
tracks/1/path = NodePath("BasePlayer/Sprite:frame")
tracks/1/interp = 1
tracks/1/loop_wrap = true
tracks/1/imported = false
tracks/1/enabled = true
tracks/1/keys = {
"times": PoolRealArray( 0, 0.2, 0.4, 0.6, 0.8, 1 ),
"transitions": PoolRealArray( 1, 1, 1, 1, 1, 1 ),
"update": 1,
"values": [ 0, 1, 2, 3, 4, 5 ]
}
tracks/2/type = "value"
tracks/2/path = NodePath("BasePlayer/Sprite:flip_h")
tracks/2/interp = 1
tracks/2/loop_wrap = true
tracks/2/imported = false
tracks/2/enabled = true
tracks/2/keys = {
"times": PoolRealArray(  ),
"transitions": PoolRealArray(  ),
"update": 1,
"values": [  ]
}
tracks/3/type = "value"
tracks/3/path = NodePath("BasePlayer/Sprite:animation")
tracks/3/interp = 1
tracks/3/loop_wrap = true
tracks/3/imported = false
tracks/3/enabled = true
tracks/3/keys = {
"times": PoolRealArray( 0 ),
"transitions": PoolRealArray( 1 ),
"update": 1,
"values": [ "idle" ]
}

[node name="LongRoll" type="Node2D"]
position = Vector2( 176, 128 )

[node name="Fuser" type="Node2D" parent="."]
script = ExtResource( 3 )

[node name="MoveAnimation" parent="." instance=ExtResource( 4 )]

[node name="Sprite" parent="MoveAnimation/BasePlayer" index="0"]
animation = "idle"

[node name="Animator" parent="MoveAnimation" index="1"]
anims/animation = SubResource( 1 )

[node name="RollAnimation" parent="." instance=ExtResource( 2 )]

[node name="RollAnimation2" parent="." instance=ExtResource( 2 )]
position = Vector2( 48, 0 )

[node name="RollCollision" parent="." instance=ExtResource( 1 )]

[node name="TileMap" parent="RollCollision" index="0" groups=["MOVEMENT_MAP"]]

[node name="RollCollision2" parent="." instance=ExtResource( 1 )]
position = Vector2( 48, 0 )

[node name="TileMap" parent="RollCollision2" index="0" groups=["MOVEMENT_MAP"]]

[node name="temp" type="Node2D" parent="."]
visible = false

[editable path="MoveAnimation"]
[editable path="MoveAnimation/BasePlayer"]
[editable path="RollCollision"]
[editable path="RollCollision2"]
